template,name,id,ticker,currency,isin,fiscal_period,fiscal_year,report_date,publish_date,restated,source,ttm,value_check,data_model,revenue,sales_services_revenue,financing_revenue,other_revenue,cost_of_revenue,cost_of_goods_services,cost_of_financing_revenue,cost_of_other_revenue,gross_profit,other_operating_income,operating_expenses,selling_general_administrative,selling_marketing,general_administrative,research_development,depreciation_amortization,provision_for_doubtful_accounts,other_operating_expense,operating_income_loss,non_operating_income_loss,interest_expense_net,interest_expense,interest_income,other_investment_income_loss,foreign_exchange_gain_loss,income_loss_from_affiliates,other_non_operating_income_loss,pretax_income_loss_adjusted,abnormal_gains_losses,acquired_in_process_r_d,merger_acquisition_expense,abnormal_derivatives,disposal_of_assets,early_extinguishment_of_debt,asset_write_down,impairment_of_goodwill_intangibles,sale_of_business,legal_settlement,restructuring_charges,sale_of_and_unrealized_investments,insurance_settlement,other_abnormal_items,pretax_income_loss,income_tax_expense_benefit_net,current_income_tax,deferred_income_tax,tax_allowance_credit,income_loss_from_affiliates_net_of_taxes,income_loss_from_continuing_operations,net_extraordinary_gains_losses,discontinued_operations,xo_accounting_charges_other,income_loss_including_minority_interest,minority_interest,net_income,preferred_dividends,other_adjustments,net_income_available_to_common_shareholders
GENERAL,Tesla,56317,TSLA,USD,US88160R1014,Q3,2025,2025-09-30,2025-10-23,TRUE,https://www.sec.gov/Archives/edgar/data/1318605/000162828025045968/0001628280-25-045968-index.htm,FALSE,TRUE,0,28095000000,NA,NA,NA,-23041000000,NA,NA,NA,5054000000,NA,-3192000000,-1562000000,NA,NA,-1630000000,NA,NA,NA,1862000000,335000000,363000000,NA,NA,NA,NA,NA,-28000000,2197000000,-238000000,NA,NA,NA,NA,NA,NA,NA,NA,NA,NA,NA,NA,NA,1959000000,-570000000,NA,NA,NA,NA,1389000000,NA,NA,NA,1389000000,-16000000,1373000000,NA,NA,1373000000
GENERAL,Tesla,56317,TSLA,USD,US88160R1014,Q2,2025,2025-06-30,2025-07-24,TRUE,https://www.sec.gov/Archives/edgar/data/1318605/000162828025035806/0001628280-25-035806-index.htm,FALSE,TRUE,0,22496000000,NA,NA,NA,-18618000000,NA,NA,NA,3878000000,NA,-2955000000,-1366000000,NA,NA,-1589000000,NA,NA,NA,923000000,626000000,306000000,NA,NA,NA,NA,NA,320000000,1549000000,NA,NA,NA,NA,NA,NA,NA,NA,NA,NA,NA,NA,NA,NA,1549000000,-359000000,NA,NA,NA,NA,1190000000,NA,NA,NA,1190000000,-18000000,1172000000,NA,NA,1172000000
GENERAL,Tesla,56317,TSLA,USD,US88160R1014,Q1,2025,2025-03-31,2025-04-23,TRUE,https://www.sec.gov/Archives/edgar/data/1318605/000162828025018911/0001628280-25-018911-index.htm,FALSE,TRUE,0,19335000000,NA,NA,NA,-16182000000,NA,NA,NA,3153000000,NA,-2660000000,-1251000000,NA,NA,-1409000000,NA,NA,NA,493000000,190000000,309000000,NA,NA,NA,NA,NA,-119000000,683000000,-94000000,NA,NA,NA,NA,NA,NA,NA,NA,NA,NA,NA,NA,NA,589000000,-169000000,NA,NA,NA,NA,420000000,NA,NA,NA,420000000,-11000000,409000000,NA,NA,409000000
GENERAL,Tesla,56317,TSLA,USD,US88160R1014,Q4,2024,2024-12-31,2025-01-30,TRUE,https://www.sec.gov/Archives/edgar/data/1318605/000162828025045968/0001628280-25-045968-index.htm,FALSE,TRUE,0,25707000000,NA,NA,NA,-21528000000,NA,NA,NA,4179000000,NA,-2589000000,-1313000000,NA,NA,-1276000000,NA,NA,NA,1590000000,941000000,346000000,NA,NA,NA,NA,NA,595000000,2531000000,-7000000,NA,NA,NA,NA,NA,NA,NA,NA,NA,NA,NA,NA,NA,2524000000,-381000000,NA,NA,NA,NA,2143000000,NA,NA,NA,2143000000,-15000000,2128000000,NA,NA,2128000000
GENERAL,Tesla,56317,TSLA,USD,US88160R1014,Q3,2024,2024-09-30,2024-10-24,TRUE,https://www.sec.gov/Archives/edgar/data/1318605/000162828025045968/0001628280-25-045968-index.htm,FALSE,TRUE,0,25182000000,NA,NA,NA,-20185000000,NA,NA,NA,4997000000,NA,-2225000000,-1186000000,NA,NA,-1039000000,NA,NA,NA,2772000000,74000000,337000000,NA,NA,NA,NA,NA,-263000000,2846000000,-55000000,NA,NA,NA,NA,NA,NA,NA,NA,NA,NA,NA,NA,NA,2791000000,-602000000,NA,NA,NA,NA,2189000000,NA,NA,NA,2189000000,-16000000,2173000000,NA,NA,2173000000
GENERAL,Tesla,56317,TSLA,USD,US88160R1014,Q2,2024,2024-06-30,2024-07-24,TRUE,https://www.sec.gov/Archives/edgar/data/1318605/000162828025035806/0001628280-25-035806-index.htm,FALSE,TRUE,0,25500000000,NA,NA,NA,-20922000000,NA,NA,NA,4578000000,NA,-2351000000,-1277000000,NA,NA,-1074000000,NA,NA,NA,2227000000,182000000,262000000,NA,NA,NA,NA,NA,-80000000,2409000000,-622000000,NA,NA,NA,NA,NA,NA,NA,NA,NA,NA,NA,NA,NA,1787000000,-371000000,NA,NA,NA,NA,1416000000,NA,NA,NA,1416000000,-16000000,1400000000,NA,NA,1400000000
GENERAL,Tesla,56317,TSLA,USD,US88160R1014,Q1,2024,2024-03-31,2024-04-24,TRUE,https://www.sec.gov/Archives/edgar/data/1318605/000162828025018911/0001628280-25-018911-index.htm,FALSE,TRUE,0,21301000000,NA,NA,NA,-17605000000,NA,NA,NA,3696000000,NA,-2525000000,-1374000000,NA,NA,-1151000000,NA,NA,NA,1171000000,717000000,274000000,NA,NA,NA,NA,NA,443000000,1888000000,NA,NA,NA,NA,NA,NA,NA,NA,NA,NA,NA,NA,NA,NA,1888000000,-483000000,NA,NA,NA,NA,1405000000,NA,NA,NA,1405000000,-15000000,1390000000,NA,NA,1390000000
GENERAL,Tesla,56317,TSLA,USD,US88160R1014,Q4,2023,2023-12-31,2024-01-29,TRUE,https://www.sec.gov/Archives/edgar/data/1318605/000162828024043486/0001628280-24-043486-index.htm,FALSE,TRUE,0,25167000000,NA,NA,NA,-20729000000,NA,NA,NA,4438000000,NA,-2374000000,-1280000000,NA,NA,-1094000000,NA,NA,NA,2064000000,127000000,272000000,NA,NA,NA,NA,NA,-145000000,2191000000,NA,NA,NA,NA,NA,NA,NA,NA,NA,NA,NA,NA,NA,NA,2191000000,5752000000,NA,NA,NA,NA,7943000000,NA,NA,NA,7943000000,-15000000,7928000000,NA,NA,7928000000
GENERAL,Tesla,56317,TSLA,USD,US88160R1014,Q3,2023,2023-09-30,2023-10-23,TRUE,https://www.sec.gov/Archives/edgar/data/1318605/000162828024043486/0001628280-24-043486-index.htm,FALSE,TRUE,0,23350000000,NA,NA,NA,-19172000000,NA,NA,NA,4178000000,NA,-2414000000,-1253000000,NA,NA,-1161000000,NA,NA,NA,1764000000,281000000,244000000,-38000000,282000000,NA,NA,NA,37000000,2045000000,NA,NA,NA,NA,NA,NA,NA,NA,NA,NA,NA,NA,NA,NA,2045000000,-167000000,NA,NA,NA,NA,1878000000,NA,NA,NA,1878000000,-25000000,1853000000,NA,NA,1853000000
GENERAL,Tesla,56317,TSLA,USD,US88160R1014,Q2,2023,2023-06-30,2023-07-24,TRUE,https://www.sec.gov/Archives/edgar/data/1318605/000162828024032662/0001628280-24-032662-index.htm,FALSE,TRUE,0,24927000000,NA,NA,NA,-20394000000,NA,NA,NA,4533000000,NA,-2134000000,-1191000000,NA,NA,-943000000,NA,NA,NA,2399000000,538000000,210000000,-28000000,238000000,NA,NA,NA,328000000,2937000000,NA,NA,NA,NA,NA,NA,NA,NA,NA,NA,NA,NA,NA,NA,2937000000,-323000000,NA,NA,NA,NA,2614000000,NA,NA,NA,2614000000,89000000,2703000000,NA,NA,2703000000
GENERAL,Tesla,56317,TSLA,USD,US88160R1014,Q1,2023,2023-03-31,2023-04-24,TRUE,https://www.sec.gov/Archives/edgar/data/1318605/000162828024017503/0001628280-24-017503-index.htm,FALSE,TRUE,0,23329000000,NA,NA,NA,-18818000000,NA,NA,NA,4511000000,NA,-1847000000,-1076000000,NA,NA,-771000000,NA,NA,NA,2664000000,136000000,184000000,NA,NA,NA,NA,NA,-48000000,2800000000,NA,NA,NA,NA,NA,NA,NA,NA,NA,NA,NA,NA,NA,NA,2800000000,-261000000,NA,NA,NA,NA,2539000000,NA,NA,NA,2539000000,-26000000,2513000000,NA,NA,2513000000
GENERAL,Tesla,56317,TSLA,USD,US88160R1014,Q4,2022,2022-12-31,2023-01-31,TRUE,https://www.sec.gov/Archives/edgar/data/1318605/000162828023034847/0001628280-23-034847-index.htm,FALSE,TRUE,0,24318000000,NA,NA,NA,-18541000000,NA,NA,NA,5777000000,NA,-1842000000,-1032000000,NA,NA,-810000000,NA,NA,NA,3935000000,82000000,124000000,NA,NA,NA,NA,NA,-42000000,4017000000,-34000000,NA,NA,NA,NA,NA,NA,NA,NA,NA,NA,NA,NA,NA,3983000000,-276000000,NA,NA,NA,NA,3707000000,NA,NA,NA,3707000000,-20000000,3687000000,NA,NA,3687000000
GENERAL,Tesla,56317,TSLA,USD,US88160R1014,Q3,2022,2022-09-30,2022-10-24,TRUE,https://www.sec.gov/Archives/edgar/data/1318605/000162828023034847/0001628280-23-034847-index.htm,FALSE,TRUE,0,21454000000,NA,NA,NA,-16072000000,NA,NA,NA,5382000000,NA,-1694000000,-961000000,NA,NA,-733000000,NA,NA,NA,3688000000,-52000000,33000000,NA,NA,NA,NA,NA,-85000000,3636000000,NA,NA,NA,NA,NA,NA,NA,NA,NA,NA,NA,NA,NA,NA,3636000000,-305000000,NA,NA,NA,NA,3331000000,NA,NA,NA,3331000000,-39000000,3292000000,NA,NA,3292000000
GENERAL,Tesla,56317,TSLA,USD,US88160R1014,Q2,2022,2022-06-30,2022-07-25,TRUE,https://www.sec.gov/Archives/edgar/data/1318605/000095017023033872/0000950170-23-033872-index.htm,FALSE,TRUE,0,16934000000,NA,NA,NA,-12700000000,NA,NA,NA,4234000000,NA,-1628000000,-961000000,NA,NA,-667000000,NA,NA,NA,2606000000,10000000,-18000000,NA,NA,NA,NA,NA,28000000,2616000000,-142000000,NA,NA,NA,NA,NA,NA,NA,NA,NA,NA,NA,NA,NA,2474000000,-205000000,NA,NA,NA,NA,2269000000,NA,NA,NA,2269000000,-10000000,2259000000,NA,NA,2259000000
GENERAL,Tesla,56317,TSLA,USD,US88160R1014,Q1,2022,2022-03-31,2022-04-25,TRUE,https://www.sec.gov/Archives/edgar/data/1318605/000095017023013890/0000950170-23-013890-index.htm,FALSE,TRUE,0,18756000000,NA,NA,NA,-13296000000,NA,NA,NA,5460000000,NA,-1857000000,-992000000,NA,NA,-865000000,NA,NA,NA,3603000000,23000000,-33000000,NA,NA,NA,NA,NA,56000000,3626000000,NA,NA,NA,NA,NA,NA,NA,NA,NA,NA,NA,NA,NA,NA,3626000000,-346000000,NA,NA,NA,NA,3280000000,NA,NA,NA,3280000000,38000000,3318000000,NA,NA,3318000000
GENERAL,Tesla,56317,TSLA,USD,US88160R1014,Q4,2021,2021-12-31,2022-02-07,TRUE,https://www.sec.gov/Archives/edgar/data/1318605/000095017022019867/0000950170-22-019867-index.htm,FALSE,TRUE,0,17719000000,NA,NA,NA,-12872000000,NA,NA,NA,4847000000,NA,-2234000000,-1494000000,NA,NA,-740000000,NA,NA,NA,2613000000,22000000,-46000000,NA,NA,NA,NA,NA,68000000,2635000000,0,NA,NA,NA,NA,NA,NA,NA,NA,NA,NA,NA,NA,NA,2635000000,-292000000,NA,NA,NA,NA,2343000000,NA,NA,NA,2343000000,-22000000,2321000000,NA,NA,2321000000
GENERAL,Tesla,56317,TSLA,USD,US88160R1014,Q3,2021,2021-09-30,2021-10-25,TRUE,https://www.sec.gov/Archives/edgar/data/1318605/000095017022019867/0000950170-22-019867-index.htm,FALSE,TRUE,0,13757000000,NA,NA,NA,-10097000000,NA,NA,NA,3660000000,NA,-1605000000,-994000000,NA,NA,-611000000,NA,NA,NA,2055000000,-122000000,-116000000,NA,NA,NA,NA,NA,-6000000,1933000000,-51000000,NA,NA,NA,NA,NA,NA,NA,NA,NA,NA,NA,NA,NA,1882000000,-223000000,NA,NA,NA,NA,1659000000,NA,NA,NA,1659000000,-41000000,1618000000,NA,NA,1618000000
GENERAL,Tesla,56317,TSLA,USD,US88160R1014,Q2,2021,2021-06-30,2021-07-27,TRUE,https://www.sec.gov/Archives/edgar/data/1318605/000095017022012936/0000950170-22-012936-index.htm,FALSE,TRUE,0,11958000000,11604000000,NA,354000000,-9074000000,-9074000000,NA,NA,2884000000,NA,-1549000000,-973000000,NA,NA,-576000000,NA,NA,NA,1335000000,-19000000,-64000000,-75000000,11000000,NA,NA,NA,45000000,1316000000,-23000000,NA,NA,NA,NA,NA,NA,NA,NA,NA,NA,NA,NA,NA,1293000000,-115000000,NA,NA,NA,NA,1178000000,NA,NA,NA,1178000000,-36000000,1142000000,NA,NA,1142000000
GENERAL,Tesla,56317,TSLA,USD,US88160R1014,Q1,2021,2021-03-31,2021-04-28,TRUE,https://www.sec.gov/Archives/edgar/data/1318605/000095017022006034/0000950170-22-006034-index.htm,FALSE,TRUE,0,10389000000,9871000000,NA,518000000,-8174000000,-8174000000,NA,NA,2215000000,NA,-1722000000,-1056000000,NA,NA,-666000000,NA,NA,NA,493000000,-61000000,-89000000,-99000000,10000000,NA,NA,NA,28000000,432000000,101000000,NA,NA,NA,NA,NA,NA,NA,NA,NA,NA,NA,NA,NA,533000000,-69000000,NA,NA,NA,NA,464000000,NA,NA,NA,464000000,-26000000,438000000,NA,NA,438000000
GENERAL,Tesla,56317,TSLA,USD,US88160R1014,Q4,2020,2020-12-31,2021-02-08,TRUE,https://www.sec.gov/Archives/edgar/data/1318605/000095017021002253/0000950170-21-002253-index.htm,FALSE,TRUE,0,10744000000,NA,NA,NA,-8678000000,NA,NA,NA,2066000000,NA,-1491000000,-969000000,NA,NA,-522000000,NA,NA,NA,575000000,-196000000,-240000000,NA,NA,NA,NA,NA,44000000,379000000,NA,NA,NA,NA,NA,NA,NA,NA,NA,NA,NA,NA,NA,NA,379000000,-83000000,NA,NA,NA,NA,296000000,NA,NA,NA,296000000,-26000000,270000000,NA,NA,270000000
GENERAL,Tesla,56317,TSLA,USD,US88160R1014,Q3,2020,2020-09-30,2020-10-26,TRUE,https://www.sec.gov/Archives/edgar/data/1318605/000095017021002253/0000950170-21-002253-index.htm,FALSE,TRUE,0,8771000000,8771000000,NA,NA,-6708000000,-6708000000,NA,NA,2063000000,NA,-1254000000,-888000000,NA,NA,-366000000,NA,NA,NA,809000000,-254000000,-157000000,-163000000,6000000,NA,NA,NA,-97000000,555000000,NA,NA,NA,NA,NA,NA,NA,NA,NA,NA,NA,NA,NA,NA,555000000,-186000000,NA,NA,NA,NA,369000000,NA,NA,NA,369000000,-38000000,331000000,NA,NA,331000000
GENERAL,Tesla,56317,TSLA,USD,US88160R1014,Q2,2020,2020-06-30,2020-07-28,TRUE,https://www.sec.gov/Archives/edgar/data/1318605/000095017021000524/0000950170-21-000524-index.htm,FALSE,TRUE,0,6036000000,6036000000,NA,NA,-4769000000,-4769000000,NA,NA,1267000000,NA,-940000000,-661000000,NA,NA,-279000000,NA,NA,NA,327000000,-177000000,-162000000,-170000000,8000000,NA,NA,NA,-15000000,150000000,NA,NA,NA,NA,NA,NA,NA,NA,NA,NA,NA,NA,NA,NA,150000000,-21000000,NA,NA,NA,NA,129000000,NA,NA,NA,129000000,-25000000,104000000,NA,NA,104000000
GENERAL,Tesla,56317,TSLA,USD,US88160R1014,Q1,2020,2020-03-31,2020-04-30,TRUE,https://www.sec.gov/Archives/edgar/data/1318605/000095017021000046/0000950170-21-000046-index.htm,FALSE,TRUE,0,5985000000,5985000000,NA,NA,-4751000000,-4751000000,NA,NA,1234000000,NA,-951000000,-627000000,NA,NA,-324000000,NA,NA,NA,283000000,-213000000,-159000000,-169000000,10000000,NA,NA,NA,-54000000,70000000,NA,NA,NA,NA,NA,NA,NA,NA,NA,NA,NA,NA,NA,NA,70000000,-2000000,NA,NA,NA,NA,68000000,NA,NA,NA,68000000,-52000000,16000000,NA,NA,16000000
GENERAL,Tesla,56317,TSLA,USD,US88160R1014,Q4,2019,2019-12-31,2020-02-13,TRUE,https://www.sec.gov/Archives/edgar/data/1318605/000156459020047486/0001564590-20-047486-index.htm,FALSE,TRUE,0,7384000000,6790000000,NA,594000000,-5993000000,-5993000000,NA,NA,1391000000,NA,-1044000000,-699000000,NA,NA,-345000000,NA,NA,NA,347000000,-185000000,-160000000,-170000000,10000000,NA,NA,NA,-25000000,162000000,12000000,NA,NA,NA,NA,NA,NA,NA,NA,NA,NA,NA,NA,NA,174000000,-42000000,NA,NA,NA,NA,132000000,NA,NA,NA,132000000,-27000000,105000000,NA,NA,105000000
GENERAL,Tesla,56317,TSLA,USD,US88160R1014,Q3,2019,2019-09-30,2019-10-29,TRUE,https://www.sec.gov/Archives/edgar/data/1318605/000156459020047486/0001564590-20-047486-index.htm,FALSE,TRUE,0,6303000000,6303000000,NA,NA,-5112000000,-5112000000,NA,NA,1191000000,NA,-930000000,-596000000,NA,NA,-334000000,NA,NA,NA,261000000,-85000000,-170000000,-185000000,15000000,NA,NA,NA,85000000,176000000,NA,NA,NA,NA,NA,NA,NA,NA,NA,NA,NA,NA,NA,NA,176000000,-26000000,NA,NA,NA,NA,150000000,NA,NA,NA,150000000,-7000000,143000000,NA,NA,143000000
GENERAL,Tesla,56317,TSLA,USD,US88160R1014,Q2,2019,2019-06-30,2019-07-29,TRUE,https://www.sec.gov/Archives/edgar/data/1318605/000156459019026445/0001564590-19-026445-index.htm,FALSE,TRUE,0,6349676000,6349676000,NA,NA,-5428630000,-5428630000,NA,NA,921046000,NA,-971159000,-647261000,NA,NA,-323898000,NA,NA,NA,-50113000,-202373000,-161617000,-171979000,10362000,NA,NA,NA,-40756000,-252486000,-117345000,NA,NA,NA,NA,NA,NA,NA,NA,NA,NA,NA,NA,NA,-369831000,-19431000,NA,NA,NA,NA,-389262000,NA,NA,NA,-389262000,-19072000,-408334000,NA,NA,-408334000
GENERAL,Tesla,56317,TSLA,USD,US88160R1014,Q1,2019,2019-03-31,2019-04-29,TRUE,https://www.sec.gov/Archives/edgar/data/1318605/000156459019013462/0001564590-19-013462-index.htm,FALSE,TRUE,0,4541464000,4541464000,NA,NA,-3975721000,-3975721000,NA,NA,565743000,NA,-1044103000,-703929000,NA,NA,-340174000,NA,NA,NA,-478360000,-122941000,-148691000,-157453000,8762000,NA,NA,NA,25750000,-601301000,-43471000,NA,NA,NA,NA,NA,NA,NA,NA,NA,NA,NA,NA,NA,-644772000,-22873000,NA,NA,NA,NA,-667645000,NA,NA,NA,-667645000,-34490000,-702135000,NA,NA,-702135000
GENERAL,Tesla,56317,TSLA,USD,US88160R1014,Q4,2018,2018-12-31,2019-02-19,TRUE,https://www.sec.gov/Archives/edgar/data/1318605/000156459021004599/0001564590-21-004599-index.htm,FALSE,TRUE,0,7225605000,7225605000,NA,NA,-5782726000,-5782726000,NA,NA,1442879000,NA,-1023888000,-667961000,NA,NA,-355927000,NA,NA,NA,418991000,-181908000,-167837000,-174652000,6815000,NA,NA,NA,-14071000,237083000,-5382000,NA,NA,NA,NA,NA,NA,NA,NA,NA,NA,NA,NA,NA,231701000,-22041000,NA,NA,NA,NA,209660000,NA,NA,NA,209660000,-70086000,139574000,NA,NA,139574000
GENERAL,Tesla,56317,TSLA,USD,US88160R1014,Q3,2018,2018-09-30,2018-11-02,TRUE,http://www.sec.gov/Archives/edgar/data/1318605/000156459018026353/0001564590-18-026353-index.htm,FALSE,TRUE,0,6824413000,6824413000,NA,NA,-5300748000,-5300748000,NA,NA,1523665000,NA,-1080724000,-729876000,NA,NA,-350848000,NA,NA,NA,442941000,-145437000,-168313000,-175220000,6907000,NA,NA,NA,22876000,297504000,-26184000,NA,NA,NA,NA,NA,NA,NA,NA,NA,NA,NA,NA,NA,271320000,-16647000,NA,NA,NA,NA,254673000,NA,NA,NA,254673000,56843000,311516000,NA,NA,311516000
GENERAL,Tesla,56317,TSLA,USD,US88160R1014,Q2,2018,2018-06-30,2018-08-06,TRUE,http://www.sec.gov/Archives/edgar/data/1318605/000156459018019254/0001564590-18-019254-index.htm,FALSE,TRUE,0,4002231000,4002231000,NA,NA,-3383301000,-3383301000,NA,NA,618930000,NA,-1136888000,-750759000,NA,NA,-386129000,NA,NA,NA,-517958000,-107607000,-158518000,-163582000,5064000,NA,NA,NA,50911000,-625565000,-103434000,NA,NA,NA,NA,NA,NA,NA,NA,NA,NA,NA,NA,NA,-728999000,-13707000,NA,NA,NA,NA,-742706000,NA,NA,NA,-742706000,25167000,-717539000,NA,NA,-717539000
GENERAL,Tesla,56317,TSLA,USD,US88160R1014,Q1,2018,2018-03-31,2018-04-29,TRUE,https://www.sec.gov/Archives/edgar/data/1318605/000156459019013462/0001564590-19-013462-index.htm,FALSE,TRUE,0,3408751000,3408751000,NA,NA,-2952225000,-2952225000,NA,NA,456526000,NA,-1053500000,-686404000,NA,NA,-367096000,NA,NA,NA,-596974000,-182048000,-144332000,-149546000,5214000,NA,NA,NA,-37716000,-779022000,NA,NA,NA,NA,NA,NA,NA,NA,NA,NA,NA,NA,NA,NA,-779022000,-5605000,NA,NA,NA,NA,-784627000,NA,NA,NA,-784627000,75076000,-709551000,NA,NA,-709551000
GENERAL,Tesla,56317,TSLA,USD,US88160R1014,Q4,2017,2017-12-31,2018-02-19,TRUE,https://www.sec.gov/Archives/edgar/data/1318605/000156459019003165/0001564590-19-003165-index.htm,FALSE,TRUE,0,3288249000,3288249000,NA,NA,-2849463000,-2849463000,NA,NA,438786000,NA,-1036927000,-682290000,NA,NA,-354637000,NA,NA,NA,-598141000,-181760000,-140083000,-146363000,6280000,NA,NA,NA,-41677000,-779901000,NA,NA,NA,NA,NA,NA,NA,NA,NA,NA,NA,NA,NA,NA,-779901000,9094000,NA,NA,NA,NA,-770807000,NA,NA,NA,-770807000,95457000,-675350000,NA,NA,-675350000
GENERAL,Tesla,56317,TSLA,USD,US88160R1014,Q3,2017,2017-09-30,2017-11-02,TRUE,http://www.sec.gov/Archives/edgar/data/1318605/000156459018026353/0001564590-18-026353-index.htm,FALSE,TRUE,0,2984675000,2984675000,NA,NA,-2535535000,-2535535000,NA,NA,449140000,NA,-984620000,-652998000,NA,NA,-331622000,NA,NA,NA,-535480000,-135968000,-111578000,-117109000,5531000,NA,NA,NA,-24390000,-671448000,NA,NA,NA,NA,NA,NA,NA,NA,NA,NA,NA,NA,NA,NA,-671448000,285000,NA,NA,NA,NA,-671163000,NA,NA,NA,-671163000,51787000,-619376000,NA,NA,-619376000
GENERAL,Tesla,56317,TSLA,USD,US88160R1014,Q2,2017,2017-06-30,2017-08-06,TRUE,http://www.sec.gov/Archives/edgar/data/1318605/000156459018019254/0001564590-18-019254-index.htm,FALSE,TRUE,0,2789557000,2789557000,NA,NA,-2122942000,-2122942000,NA,NA,666615000,NA,-907531000,-537757000,NA,NA,-369774000,NA,NA,NA,-240916000,-144864000,-103656000,-108441000,4785000,NA,NA,NA,-41208000,-385780000,NA,NA,NA,NA,NA,NA,NA,NA,NA,NA,NA,NA,NA,NA,-385780000,-15647000,NA,NA,NA,NA,-401427000,NA,NA,NA,-401427000,65030000,-336397000,NA,NA,-336397000
GENERAL,Tesla,56317,TSLA,USD,US88160R1014,Q1,2017,2017-03-31,2017-05-07,TRUE,http://www.sec.gov/Archives/edgar/data/1318605/000156459018011086/0001564590-18-011086-index.htm,FALSE,TRUE,0,2696270000,2696270000,NA,NA,-2028324000,-2028324000,NA,NA,667946000,NA,-925495000,-603455000,NA,NA,-322040000,NA,NA,NA,-257549000,-114354000,-96256000,-99346000,3090000,NA,NA,NA,-18098000,-371903000,NA,NA,NA,NA,NA,NA,NA,NA,NA,NA,NA,NA,NA,NA,-371903000,-25278000,NA,NA,NA,NA,-397181000,NA,NA,NA,-397181000,66904000,-330277000,NA,NA,-330277000
GENERAL,Tesla,56317,TSLA,USD,US88160R1014,Q4,2016,2016-12-31,2017-02-19,TRUE,https://www.sec.gov/Archives/edgar/data/1318605/000156459019003165/0001564590-19-003165-index.htm,FALSE,TRUE,0,2284631000,2284631000,NA,NA,-1849353000,-1849353000,NA,NA,435278000,NA,-701976000,-456016000,NA,NA,-245960000,NA,NA,NA,-266698000,58299000,-62925000,-65104000,2179000,NA,NA,NA,121224000,-208399000,NA,NA,NA,NA,NA,NA,NA,NA,NA,NA,NA,NA,NA,NA,-208399000,-11070000,NA,NA,NA,NA,-219469000,NA,NA,NA,-219469000,98132000,-121337000,NA,NA,-121337000
GENERAL,Tesla,56317,TSLA,USD,US88160R1014,Q3,2016,2016-09-30,2016-11-03,TRUE,http://www.sec.gov/Archives/edgar/data/1318605/000156459017021343/0001564590-17-021343-index.htm,FALSE,TRUE,0,2298436000,2298436000,NA,NA,-1661701000,-1661701000,NA,NA,636735000,NA,-551113000,-336811000,NA,NA,-214302000,NA,NA,NA,85622000,-55611000,-43855000,-46713000,2858000,NA,NA,NA,-11756000,30011000,NA,NA,NA,NA,NA,NA,NA,NA,NA,NA,NA,NA,NA,NA,30011000,-8133000,NA,NA,NA,NA,21878000,NA,NA,NA,21878000,NA,21878000,NA,NA,21878000
GENERAL,Tesla,56317,TSLA,USD,US88160R1014,Q2,2016,2016-06-30,2016-08-04,TRUE,http://www.sec.gov/Archives/edgar/data/1318605/000156459017015705/0001564590-17-015705-index.htm,FALSE,TRUE,0,1270017000,1270017000,NA,NA,-995241000,-995241000,NA,NA,274776000,NA,-512816000,-321152000,NA,NA,-191664000,NA,NA,NA,-238040000,-51499000,-44126000,-46368000,2242000,NA,NA,NA,-7373000,-289539000,NA,NA,NA,NA,NA,NA,NA,NA,NA,NA,NA,NA,NA,NA,-289539000,-3649000,NA,NA,NA,NA,-293188000,NA,NA,NA,-293188000,NA,-293188000,NA,NA,-293188000
GENERAL,Tesla,56317,TSLA,USD,US88160R1014,Q1,2016,2016-03-31,2016-05-10,TRUE,http://www.sec.gov/Archives/edgar/data/1318605/000156459017009968/0001564590-17-009968-index.htm,FALSE,TRUE,0,1147048000,1147048000,NA,NA,-894580000,-894580000,NA,NA,252468000,NA,-500692000,-318210000,NA,NA,-182482000,NA,NA,NA,-248224000,-30197000,-39374000,-40625000,1251000,NA,NA,NA,9177000,-278421000,NA,NA,NA,NA,NA,NA,NA,NA,NA,NA,NA,NA,NA,NA,-278421000,-3846000,NA,NA,NA,NA,-282267000,NA,NA,NA,-282267000,NA,-282267000,NA,NA,-282267000
